@article{floyd1993random,
  title={Random early detection gateways for congestion avoidance},
  author={Floyd, Sally and Jacobson, Van},
  journal={IEEE/ACM Transactions on Networking (ToN)},
  volume={1},
  number={4},
  pages={397--413},
  year={1993},
  publisher={IEEE Press}
}

@article{stoica2001chord,
  title={Chord: A scalable peer-to-peer lookup service for internet applications},
  author={Stoica, Ion and Morris, Robert and Karger, David and Kaashoek, M Frans and Balakrishnan, Hari},
  journal={ACM SIGCOMM Computer Communication Review},
  volume={31},
  number={4},
  pages={149--160},
  year={2001},
  publisher={ACM}
}

@inproceedings{hendriks2017threats,
  title={Threats and surprises behind IPv6 extension headers},
  author={Hendriks, Luuk and Velan, Petr and Schmidt, Ricardo de O and de Boer, Pieter-Tjerk and Pras, Aiko},
  booktitle={Network Traffic Measurement and Analysis Conference (TMA), 2017},
  pages={1--9},
  year={2017},
  organization={IEEE}
}

@online{RFC1035,
  author = {P. Mockapetris},
  title = {DOMAIN NAMES - IMPLEMENTATION AND SPECIFICATION},
  year = 1987,
  url = {https://tools.ietf.org/html/rfc1035 },
}

@online{RFC6891,
  author = {J. Damas, M. Graff, P. Vixie},
  title = {Extension Mechanisms for DNS (EDNS(0))},
  year = 2013,
  url = {https://tools.ietf.org/html/rfc6891 },
}

@online{RFC7872,
  author = {F. Gont and J. Linkova and T. Chown and W. Liu},
  title = {Observations on the Dropping of Packets with IPv6 Extension Headers in the Real World},
  year = 2016,
  url = {https://tools.ietf.org/html/rfc7872 },
}

@online{RFC7873,
  author = {D. Eastlake 3rd and M. Andrews and T. Chown and W. Liu},
  title = {Domain Name System (DNS) Cookies},
  year = 2016,
  url = {https://tools.ietf.org/html/rfc7873 },
}

@online{Internet,
  author = {Russ White and Geoff Huston},
  title = {The Internet Protocol Journal},
  year = 2018,
  url = {http://ipj.dreamhosters.com/wp-content/uploads/2018/09/ipj211.pdf },
}

@book{kent1987fragmentation,
  title={Fragmentation considered harmful},
  author={Kent, Christopher A and Mogul, Jeffrey C},
  volume={17},
  number={5},
  year={1987}
}

@inproceedings{herzberg2013fragmentation,
  title={Fragmentation considered poisonous, or: One-domain-to-rule-them-all. org},
  author={Herzberg, Amir and Shulman, Haya},
  booktitle={Communications and Network Security (CNS), 2013 IEEE Conference on},
  pages={224--232},
  year={2013},
  organization={IEEE}
}

@online{taylorv6opsfragdrop,
  author = {J. Jaeggli and L. Colitti and W. Kumari and E. Vyncke and  M. Kaeo and T. Taylor},
  title = { Why Operators Filter Fragments and What It Implies-draft-taylor-v6ops-fragdrop-02},
  year = 2013,
  url = { https://tools.ietf.org/html/draft-taylor-v6ops-fragdrop-02 },
}

@misc{de2012discovering,
  title={Discovering Path MTU black holes on the Internet using RIPE Atlas},
  author={de Boer, Maikel and Bosma, Jeffrey},
  year={2012},
  publisher={July}
}

@online{ipfragmentation,
  author = {G. Huston and R. Bonica and F. Baker and R. Hinden and O. Troan and F. Gont},
  title = {IP Fragmentation Considered Fragile-draft-ietf-intarea-frag-fragile-04},
  year = 2018,
  url = { https://tools.ietf.org/html/draft-ietf-intarea-frag-fragile-04 },
}

